@article{volentik2010modeling,
  title={{Modeling tephra dispersal in absence of wind: Insights from the climactic phase of the 2450 BP Plinian eruption of Pululagua volcano (Ecuador)}},
  author={Volentik, Alain CM and Bonadonna, Costanza and Connor, Charles B and Connor, Laura J and Rosi, Mauro},
  journal={Journal of Volcanology and Geothermal Research},
  volume={193},
  number={1-2},
  pages={117--136},
  year={2010},
  publisher={Elsevier}
}

@article{costa2012,
  title={Quantifying volcanic ash dispersal and impact of the Campanian Ignimbrite super-eruption},
  author={Costa, Antonio and Folch, A and Macedonio, G and Giaccio, B and Isaia, R and Smith, VC},
  journal={Geophysical Research Letters},
  volume={39},
  number={10},
  year={2012},
  publisher={Wiley Online Library}
}

@article{bonadonna2013,
  title={Modeling of tephra sedimentation from volcanic plumes},
  author={Bonadonna, Costanza and Costa, Antonio},
  journal={Modeling volcanic processes: The physics and mathematics of volcanism},
  pages={173--202},
  year={2013},
  publisher={Cambridge University Press Cambridge}
}

@incollection{connor2006inversion,
    author = {Connor, L. J. and Connor, C. B.},
    isbn = {9781862392083},
    title = "{Inversion is the key to dispersion: understanding eruption dynamics by inverting tephra fallout}",
    booktitle = "{Statistics in Volcanology}",
    publisher = {Geological Society of London},
    year = {2006},
    month = {01}
}
